% This file was created with JabRef 2.10.
% Encoding: UTF-8


@InBook{ALZ,
  Title                    = {Vorlesungsskript Systemsoftware},
  Author                   = {Prof. Dr. Richard Alznauer},
  Chapter                  = {Nebenläufigkeit - Verklemmungen},
  Pages                    = {9},
  Publisher                = {Hochschule Pforzheim},
  Year                     = {2013}
}

@InProceedings{AMDAH,
  Title                    = {Validity of the Single Processor Approach to Achieving Large-Scale Computing Capabilities},
  Author                   = {Gene Amdahl},
  Booktitle                = {AFIPS Conference Proceedings. 30},
  Year                     = {1967},
  Pages                    = {483–485}
}

@Booklet{PON01,
  Title                    = {POSIX Threads Programming},
  Author                   = {Blaise Barney},

  Institution              = {{Lawrence Livermore National Laboratory}},
  LastChecked              = {05.04.2013},
  Url                      = {https://computing.llnl.gov/tutorials/pthreads/}
}

@InProceedings{BBV2000,
  Title                    = {Fast and inexpensive color image segmentation for interactive robots},
  Author                   = {James Bruce and Tucker Balch and Manuela Veloso},
  Booktitle                = {Proceedings of the 2000 IEEE/RSJ International Conference on Intelligent Robots and Systems (IROS '00)},
  Year                     = {2000},
  Month                    = {October},
  Pages                    = {2061 - 2066},
  Volume                   = {3}
}

@Book{callan,
  Title                    = {Neuronale Netze im Klartext},
  Author                   = {Robert Callan},
  Publisher                = {Pearson},
  Year                     = {2003},

  Owner                    = {Daniel},
  Timestamp                = {2014.10.09}
}

@Booklet{NEU,
  Title                    = {Figure of a neuron},
  Author                   = {Peter Chen},
  Year                     = {2014},

  LastChecked              = {15.09.2014},
  Url                      = {http://bio3520.nicerweb.com/Locked/chap/ch03/neuron.html}
}

@Article{SYSDEAD,
  Title                    = {System Deadlocks},
  Author                   = {E.C. Coffman and M.J. Elphick and A. Shoshani},
  Journal                  = {Computing Surveys},
  Year                     = {1971},

  Month                    = {06},
  Pages                    = {67-78},
  Volume                   = {3}
}

@InProceedings{XIXU96,
  Title                    = {A density-based algorithm for discovering clusters in large spatial databases with noise},
  Author                   = {Martin Ester and Hans-Peter Kriegel and Jörg Sander and Xiaowei Xu},
  Booktitle                = {Proceedings of 2nd International Conference on Knowledge Discovery and Data Mining (KDD-96)},
  Year                     = {1996},
  Pages                    = {226--231},
  Publisher                = {AAAI Press}
}

@Booklet{GCC,
  Title                    = {GCC, the GNU Compiler Collection},
  Author                   = {GNU},
  Year                     = {4.7.2},

  Institution              = {GNU},
  Url                      = {http://gcc.gnu.org/}
}

@Book{HEBB,
  Title                    = {The Organization of Behavior: A Neuropsychological Theory},
  Author                   = {D. O. Hebb},
  Publisher                = {Erlbaum Books},
  Year                     = {1949}
}

@Book{HHLU,
  Title                    = {Linux/UNIX Systemprogrammierung},
  Author                   = {Helmut Herold},
  Publisher                = {Addison-Wesley},
  Year                     = {2004},
  Edition                  = {3. aktualisierte Auflage}
}

@Booklet{PTHWIN,
  Title                    = {Pthreads Win32: Open Source POSIX Threads for Win32},
  Author                   = {Ross Johnson},

  LastChecked              = {24.05.2013},
  Url                      = {http://sourceware.org/pthreads-win32/}
}

@Booklet{OMERGE,
  Title                    = {Merge sort recursion tree},
  Author                   = {Manuel Kirsch},
  Year                     = {2009},

  LastChecked              = {04.07.2013},
  Url                      = {www.texample.net/tikz/examples/merge-sort-recursion-tree/}
}

@Article{KLASS,
  Title                    = {Neuronale Netze der 3. Generation
und Anwendungsgebiete},
  Author                   = {Jan Klass},
  Journal                  = {Angewandte Informatik, Hochschule Offenburg
jklass@stud.fh-offenburg.de},
  Year                     = {2010},

  Month                    = {December},

  Owner                    = {Daniel},
  Timestamp                = {2014.10.07},
  Url                      = {http://kcode.de/wordpress/wp-content/uploads/2010/10/Paper_NN3Gen.pdf}
}

@Booklet{CES,
  Title                    = {C for Embedded Systems Programming},
  Author                   = {Derrick Klotz},
  Year                     = {2010},

  Institution              = {freescale semiconductor},
  Url                      = {http://www.freescale.com/files/training/doc/dwf/AMF_ENT_T0001.pdf}
}

@Book{ART,
  Title                    = {The Art of Computer Programming. Volume 3: Sorting and Searching},
  Author                   = {Donald E. Knuth},
  Publisher                = {Addison-Wesley},
  Year                     = {1998},
  Edition                  = {2},

  Pages                    = {158}
}

@Booklet{MINGW,
  Title                    = {Minimalist GNU for Windows (MinGW)},
  Author                   = {MinGW-Team},

  LastChecked              = {17.05.2013},
  Url                      = {http://www.mingw.org/}
}

@Booklet{PTHOPG,
  Title                    = {The Single UNIX ® Specification <pthread.h>},
  Author                   = {The Open-Group},
  Year                     = {2 - 1997},

  LastChecked              = {17.05.2013},
  Url                      = {http://pubs.opengroup.org/onlinepubs/7908799/xsh/pthread.h.html}
}

@Book{NEURONMATH,
  Title                    = {A logical calculus of the ideas immanent in nervous activity.},
  Author                   = {W. McCulloch; W. Pitts},
  Publisher                = {Bulletin of Mathematical Biophysics},
  Year                     = {1943},

  Pages                    = {115-533}
}

@Book{rojas,
  Title                    = {Theorie der neuronalen Netze - Eine systematische Einführung},
  Author                   = {Raúl Rojas},
  Publisher                = {Springer},
  Year                     = {1996},

  Owner                    = {Daniel},
  Timestamp                = {2014.10.09}
}

@Booklet{AHMPLOT,
  Title                    = {Das Ahmdalsche Gesetz - Plot},
  Author                   = {Schwammerl-Bob},
  Year                     = {2009},

  Institution              = {School of ITEE, University of Queensland},
  LastChecked              = {03.07.2013},
  Url                      = {http://commons.wikimedia.org/wiki/File:AmdahlsLaw_german.svg}
}

@Article{EMB,
  Title                    = {Relevanz eines Multicore-Ökosystems für künftige Embedded Systems},
  Author                   = {BICCnet Innovationszirkel Embedded Systems},
  Year                     = {2013},

  LastChecked              = {18.06.2013},
  Url                      = {http://bicc-net.de/workspace/uploads/subfeatures/downloads/positionspapier_multicore_oekosys-1323952449.pdf}
}

@PhdThesis{CU2012,
  Title                    = {Beiträge zur Lokalisation und zur modellbasierten Lageregelung mobiler Roboter},
  Author                   = {Christoph Ussfeller},
  School                   = {Technische Universität Ilmenau},
  Year                     = {2012},
  Type                     = {Dissertation}
}

@Booklet{ES2,
  Title                    = {Embedded Linux as a platform for dynamically self-reconfiguring systems-on-chip},
  Author                   = {John Williams and Neil Bergmann},
  Year                     = {2004},

  Institution              = {School of ITEE, University of Queensland}
}

@Book{JW2009,
  Title                    = {Linux-UNIX-Programmierung},
  Author                   = {Jürgen Wolf},
  Publisher                = {Galileo Computing},
  Year                     = {2009},
  Edition                  = {3. aktualisierte und erweiterte Auflage}
}

@Booklet{BOOSTRAII,
  Title                    = {The Boost C++ Libraries: Synchronization},

  LastChecked              = {29.06.2013},
  Url                      = {http://www.boost.org/doc/libs/1_37_0/doc/html/thread/synchronization.html}
}

@Other{wiki-hill,
  Owner                    = {Daniel},
  Timestamp                = {2014.10.18},
  Url                      = {http://en.wikipedia.org/wiki/Hill_climbing}
}

@comment{jabref-meta: selector_publisher:}

@comment{jabref-meta: selector_author:}

@comment{jabref-meta: selector_journal:}

@comment{jabref-meta: selector_keywords:}

