% This file was created with JabRef 2.10.
% Encoding: UTF-8


@Article{ccd,
  Title                    = {Ray Casting against General Convex Objects
with Application to Continuous Collision
Detection},
  Author                   = {Gino van den Bergen},
  Year                     = {2004},

  Month                    = {June},

  Owner                    = {Daniel},
  Timestamp                = {2015.08.25}
}

@Book{callan,
  Title                    = {Neuronale Netze im Klartext},
  Author                   = {Robert Callan},
  Publisher                = {Pearson},
  Year                     = {2003},

  Owner                    = {Daniel},
  Timestamp                = {2014.10.09}
}

@Article{box,
  Title                    = {Box2D v2.2.0 User Manual},
  Author                   = {Erin Catto},
  Year                     = {2011},

  Owner                    = {Daniel},
  Timestamp                = {2015.08.24},
  Url                      = {http://www.box2d.org/manual.html}
}

@Booklet{NEU,
  Title                    = {Figure of a neuron},
  Author                   = {Peter Chen},
  Year                     = {2014},

  LastChecked              = {15.09.2014},
  Url                      = {http://bio3520.nicerweb.com/Locked/chap/ch03/neuron.html}
}

@Book{NNGER,
  Title                    = {Neuronale Netzwerkte: Einführung, Überblick und Anwendungsmöglichkeiten},
  Author                   = {Eberhard Schöneburg, Nikolaus Hansen, Andreas Gawelczyk},
  Publisher                = {Markt \& Technik},
  Year                     = {1990},

  Owner                    = {srd-sj},
  Timestamp                = {2015.03.04}
}

@Book{ing,
  Title                    = {Evolutionäre Algorithmen},
  Author                   = {Ingrid Gerdes and Frank Klawonn and Rudolf Kruse},
  Publisher                = {Vieweg Verlag},
  Year                     = {2004},

  Address                  = {Wiesbaden},
  Edition                  = {1},

  Owner                    = {Daniel},
  Timestamp                = {2015.08.24}
}

@Article{NURING,
  Title                    = {Turing compability with neural nets},
  Author                   = {Hava T. Siegelmann, Eduardo D. Sontag},
  Journal                  = {Appl. Math. Lett.},
  Year                     = {1991},

  Owner                    = {srd-sj},
  Timestamp                = {2015.03.05}
}

@Book{HEBB,
  Title                    = {The Organization of Behavior: A Neuropsychological Theory},
  Author                   = {D. O. Hebb},
  Publisher                = {Erlbaum Books},
  Year                     = {1949}
}

@Book{NEUINF,
  Title                    = {Neuronale Netze: Eine Einführung in die Neuroinformatik selbstorganisierender Netzwerke},
  Author                   = {Helge Ritter, Thomas Martinetz, Klaus Schulten},
  Publisher                = {Addison-Wesley},
  Year                     = {1991},

  Owner                    = {srd-sj},
  Timestamp                = {2015.03.05}
}

@Electronic{iforce,
  Author                   = {iforce2d},
  Url                      = {http://www.iforce2d.net/b2dtut/},
  Year                     = {2014},

  Owner                    = {Daniel},
  Timestamp                = {2015.08.24}
}

@MastersThesis{glut,
  Author                   = {Mark J. Kilgard},
  School                   = {Silicon Graphics, Inc.},
  Year                     = {1996},
  Type                     = {Specification},

  Owner                    = {Daniel},
  Timestamp                = {2015.08.25},
  Url                      = {https://www.opengl.org/documentation/specs/glut/spec3/spec3.html}
}

@Book{evo,
  Title                    = {Optimierung mit genetischen und selektiven Algorithmen},
  Author                   = {Werner Kinnebrock},
  Publisher                = {Oldenbourg Verlag GmbH},
  Year                     = {1994},

  Address                  = {München},

  Owner                    = {Daniel},
  Timestamp                = {2015.08.24}
}

@Book{Kinnebrock1994,
  Title                    = {Optimierung mit genetischen und selektiven Algorithmen},
  Author                   = {Kinnebrock, Werner},
  Publisher                = {Oldenbourg Verlag GmbH München},
  Year                     = {1994},

  Owner                    = {Daniel},
  Timestamp                = {2015.06.22}
}

@Article{KLASS,
  Title                    = {Neuronale Netze der 3. Generation und Anwendungsgebiete},
  Author                   = {Jan Klass},
  Journal                  = {Angewandte Informatik, Hochschule Offenburg jklass@stud.fh-offenburg.de},
  Year                     = {2010},

  Month                    = {December},

  Owner                    = {Daniel},
  Timestamp                = {2014.10.07},
  Url                      = {http://kcode.de/wordpress/wp-content/uploads/2010/10/Paper_NN3Gen.pdf}
}

@MastersThesis{SNN,
  Title                    = {Neuronale Netze der 3. Generation
und Anwendungsgebiete},
  Author                   = {Jan Klass},
  School                   = {Hochschule Offenburg},
  Year                     = {2010},
  Type                     = {Paper},

  Owner                    = {Daniel},
  Timestamp                = {2015.08.24},
  Url                      = {http://kcode.de/wordpress/wp-content/uploads/2010/10/Paper_NN3Gen.pdf}
}

@Book{ART,
  Title                    = {The Art of Computer Programming. Volume 3: Sorting and Searching},
  Author                   = {Donald E. Knuth},
  Publisher                = {Addison-Wesley},
  Year                     = {1998},
  Edition                  = {2},

  Pages                    = {158}
}

@Book{NEURONMATH,
  Title                    = {A logical calculus of the ideas immanent in nervous activity.},
  Author                   = {W. McCulloch and W. Pitts},
  Publisher                = {Bulletin of Mathematical Biophysics},
  Year                     = {1943},

  Pages                    = {115-533}
}

@Book{min,
  Title                    = {Perceptrons: An Introduction to Computional Geometry},
  Author                   = {Marvin Minsky and Seymour Papert},
  Publisher                = {MIT Press},
  Year                     = {1969},

  Address                  = {Cambridge, Massachusetts},

  Owner                    = {Daniel},
  Timestamp                = {2015.08.24}
}

@MastersThesis{freeglut,
  Author                   = {Pawel W. Olszta},
  Year                     = {2015},
  Type                     = {Online},

  Owner                    = {Daniel},
  Timestamp                = {2015.08.25},
  Url                      = {http://freeglut.sourceforge.net/}
}

@MastersThesis{rad,
  Author                   = {Paul Rademacher},
  Year                     = {2006},
  Type                     = {Online},

  Owner                    = {Daniel},
  Timestamp                = {2015.08.25},
  Url                      = {http://glui.sourceforge.net/}
}

@Book{rec,
  Title                    = {Evolutionsstrategie: Optimierung technischer Systeme nach Prinzipien der biologischen Evolution},
  Author                   = {Ingo Rechenberg},
  Publisher                = {Frommann Holzboog Verlag},
  Year                     = {1973},

  Address                  = {Stuttgart},

  Owner                    = {Daniel},
  Timestamp                = {2015.08.24}
}

@Book{rey,
  Title                    = {Neuronale Netze},
  Author                   = {Daniel Günter Rey and Karl F. Wender},
  Publisher                = {Verlag Hans Hübner},
  Year                     = {2008},

  Address                  = {Bern},

  Owner                    = {Daniel},
  Timestamp                = {2015.08.24}
}

@Book{rojas,
  Title                    = {Theorie der neuronalen Netze - Eine systematische Einführung},
  Author                   = {Raúl Rojas},
  Publisher                = {Springer Verlag},
  Year                     = {1996},

  Owner                    = {Daniel},
  Timestamp                = {2014.10.09}
}

@Article{ros,
  Title                    = {The perceptron: a probalistic model for information storage and organization in the brain},
  Author                   = {Frank Rosenblatt},
  Journal                  = {Psychological Review},
  Year                     = {1958},
  Volume                   = {65},

  Owner                    = {Daniel},
  Timestamp                = {2015.08.24}
}

@Book{ai,
  Title                    = {Artificial Intelligence - A modern approach},
  Author                   = {Stuart Russel and Peter Norvig},
  Publisher                = {Pearson Education Inc.},
  Year                     = {2010},

  Owner                    = {Daniel},
  Timestamp                = {2015.06.22}
}

@MastersThesis{Sch1,
  Title                    = {Vergleich der Lernfähigkeit
von drei neuronalen Netzwerkmodellen},
  Author                   = {Daniel Schembri and Paul Marschall},
  School                   = {DHBW Karlsruhe},
  Year                     = {2013},
  Type                     = {Studienarbeit},

  Owner                    = {Daniel},
  Timestamp                = {2015.08.24}
}

@Booklet{AHMPLOT,
  Title                    = {Das Ahmdalsche Gesetz - Plot},
  Author                   = {Schwammerl-Bob},
  Year                     = {2009},

  Institution              = {School of ITEE, University of Queensland},
  LastChecked              = {03.07.2013},
  Url                      = {http://commons.wikimedia.org/wiki/File:AmdahlsLaw_german.svg}
}

@MastersThesis{Jona,
  Title                    = {A comparison of neural network types and
learning techniques with an application in
artificial life},
  Author                   = {Jonathan Schwarz},
  School                   = {Hochschule Pforzheim},
  Year                     = {2015},
  Type                     = {project work},

  Owner                    = {Daniel},
  Publisher                = {Hochschule Pforzheim},
  Timestamp                = {2015.08.24}
}

@Article{ogl,
  Title                    = {The OpenGL Graphics System: A Specification (Version 3.1)},
  Author                   = {Mark Segal and Kurt Akeley},
  Year                     = {2009},

  Month                    = {May},

  Owner                    = {Daniel},
  Timestamp                = {2015.08.25},
  Url                      = {https://www.opengl.org/registry/doc/glspec31.20090528.pdf}
}

@Article{aabb,
  Title                    = {Solving Geometric Problems with the Rotating Calipers},
  Author                   = {Godfried Toussaint},
  Year                     = {1983},

  Owner                    = {Daniel},
  Timestamp                = {2015.08.25}
}

@Article{turing,
  Title                    = {Computing machinery and intelligence},
  Author                   = {Alan Turing},
  Journal                  = {Mind},
  Year                     = {1950},
  Pages                    = {433 -460},
  Volume                   = {459},

  Owner                    = {Daniel},
  Timestamp                = {2015.06.22}
}

@MastersThesis{transform,
  Title                    = {Lecture L3 - Vectors, Matrices and Coordinate Transformations},
  Author                   = {S. Widnall},
  School                   = {Massachusetts Institute of Technology},
  Year                     = {2009},
  Type                     = {Article},

  Owner                    = {Daniel},
  Timestamp                = {2015.08.27},
  Url                      = {http://ocw.mit.edu/courses/aeronautics-and-astronautics/16-07-dynamics-fall-2009/lecture-notes/MIT16_07F09_Lec03.pdf}
}

@MastersThesis{wiki-hill,
  Author                   = {Wikipedia},
  Year                     = {2015},
  Type                     = {Online},

  Owner                    = {Daniel},
  Timestamp                = {2014.10.18},
  Url                      = {http://en.wikipedia.org/wiki/Hill_climbing}
}

@MastersThesis{wikkoor,
  Author                   = {Wikipedia},
  Year                     = {2015},
  Type                     = {Online},

  Owner                    = {Daniel},
  Timestamp                = {2015.08.25},
  Url                      = {https://de.wikipedia.org/wiki/Koordinatentransformation}
}

@Book{JW2009,
  Title                    = {Linux-UNIX-Programmierung},
  Author                   = {Jürgen Wolf},
  Publisher                = {Galileo Computing},
  Year                     = {2009},
  Edition                  = {3. aktualisierte und erweiterte Auflage}
}

@TechReport{lunch,
  Title                    = {No free lunch theorems for search},
  Author                   = {David H. Wolpert and William G. Macready},
  Year                     = {1995},

  Owner                    = {Daniel},
  Timestamp                = {2015.08.24},
  Volume                   = {10}
}

@Article{deep,
  Title                    = {Deep learning},
  Author                   = {Yann LeCun, Yoshua Bengio, Geoffrey Hinton},
  Journal                  = {Nature},
  Year                     = {2015},
  Volume                   = {52},

  Owner                    = {Daniel},
  Timestamp                = {2015.08.30},
  Url                      = {http://www.docdroid.net/11p1b/hinton.pdf.html}
}

@comment{jabref-meta: selector_keywords:}

@comment{jabref-meta: selector_journal:}

@comment{jabref-meta: selector_Institution:}

@comment{jabref-meta: selector_publisher:}

@comment{jabref-meta: selector_author:}

